<?xml version="1.0" ?> 
<?xml-stylesheet type="text/xsl" href="/SRW/searchRetrieveResponse.xsl"?>
<searchRetrieveResponse xmlns:xsi="http://www.w3.org/2001/XMLSchema-instance" xsi:schemaLocation="http://www.loc.gov/zing/srw/ http://www.loc.gov/standards/sru/sru1-1archive/xml-files/srw-types.xsd" xmlns="http://www.loc.gov/zing/srw/"><version xsi:type="xsd:string">1.1</version><numberOfRecords xsi:type="xsd:nonNegativeInteger">1080</numberOfRecords><resultSetId xsi:type="xsd:string">r4cdiw</resultSetId><resultSetIdleTime xsi:type="xsd:positiveInteger">60</resultSetIdleTime><records xsi:type="ns1:recordsType" xmlns:ns1="http://www.loc.gov/zing/srw/"><record xsi:type="ns1:recordType"><recordSchema xsi:type="xsd:string">info:srw/schema/1/marcxml-v1.1</recordSchema><recordPacking xsi:type="xsd:string">xml</recordPacking><recordData xsi:type="ns1:stringOrXmlFragment"><mx:record xmlns="http://www.w3.org/TR/xhtml1/strict" xmlns:mx="http://www.loc.gov/MARC21/slim">

<mx:leader>00000nz  a2200000n  45 0</mx:leader>
<mx:controlfield tag="001">oca10087239 </mx:controlfield>
<mx:controlfield tag="003">OCoLC</mx:controlfield>
<mx:controlfield tag="005">20150212050909.0</mx:controlfield>
<mx:controlfield tag="008">150204n| azannaabn          |n aaa      </mx:controlfield>
<mx:datafield ind1=" " ind2=" " tag="010">
<mx:subfield code="a">nb2015002453</mx:subfield>
</mx:datafield>
<mx:datafield ind1=" " ind2=" " tag="040">
<mx:subfield code="a">Uk</mx:subfield>
<mx:subfield code="b">eng</mx:subfield>
<mx:subfield code="e">rda</mx:subfield>
<mx:subfield code="c">Uk</mx:subfield>
</mx:datafield>
<mx:datafield ind1=" " ind2=" " tag="046">
<mx:subfield code="s">20</mx:subfield>
</mx:datafield>
<mx:datafield ind1="1" ind2=" " tag="100">
<mx:subfield code="a">Franklin, Delia</mx:subfield>
</mx:datafield>
<mx:datafield ind1=" " ind2=" " tag="370">
<mx:subfield code="c">Great Britain</mx:subfield>
<mx:subfield code="c">England</mx:subfield>
<mx:subfield code="e">London (England)</mx:subfield>
<mx:subfield code="2">naf</mx:subfield>
</mx:datafield>
<mx:datafield ind1=" " ind2=" " tag="372">
<mx:subfield code="a">Fiction</mx:subfield>
<mx:subfield code="2">lcsh</mx:subfield>
</mx:datafield>
<mx:datafield ind1=" " ind2=" " tag="374">
<mx:subfield code="a">Novelists</mx:subfield>
<mx:subfield code="2">lcsh</mx:subfield>
</mx:datafield>
<mx:datafield ind1=" " ind2=" " tag="375">
<mx:subfield code="a">female</mx:subfield>
</mx:datafield>
<mx:datafield ind1=" " ind2=" " tag="377">
<mx:subfield code="a">eng</mx:subfield>
</mx:datafield>
<mx:datafield ind1=" " ind2=" " tag="670">
<mx:subfield code="a">Almost perfect, 2014:</mx:subfield>
<mx:subfield code="b">t.p. (Delia Franklin) colophon (Lives in London)</mx:subfield>
</mx:datafield>

</mx:record></recordData><recordPosition xsi:type="xsd:positiveInteger">1</recordPosition></record>