<record xsi:type="ns1:recordType"><recordSchema xsi:type="xsd:string">info:srw/schema/1/marcxml-v1.1</recordSchema><recordPacking xsi:type="xsd:string">xml</recordPacking><recordData xsi:type="ns1:stringOrXmlFragment"><mx:record xmlns="http://www.w3.org/TR/xhtml1/strict" xmlns:mx="http://www.loc.gov/MARC21/slim">

<mx:leader>00000nz  a2200000n  45 0</mx:leader>
<mx:controlfield tag="001">oca10032528 </mx:controlfield>
<mx:controlfield tag="003">OCoLC</mx:controlfield>
<mx:controlfield tag="005">20141204193921.0</mx:controlfield>
<mx:controlfield tag="008">141204n| azannaabn          |n aaa      </mx:controlfield>
<mx:datafield ind1=" " ind2=" " tag="010">
<mx:subfield code="a">n 2014075234</mx:subfield>
</mx:datafield>
<mx:datafield ind1=" " ind2=" " tag="040">
<mx:subfield code="a">DLC</mx:subfield>
<mx:subfield code="b">eng</mx:subfield>
<mx:subfield code="c">DLC</mx:subfield>
<mx:subfield code="e">rda</mx:subfield>
</mx:datafield>
<mx:datafield ind1="1" ind2=" " tag="100">
<mx:subfield code="a">Franklin, Miriam Spitzer</mx:subfield>
</mx:datafield>
<mx:datafield ind1=" " ind2=" " tag="670">
<mx:subfield code="a">Extraordinary, 2015:</mx:subfield>
<mx:subfield code="b">ECIP titlte page (Miriam Spitzer Franklin)</mx:subfield>
</mx:datafield>

</mx:record></recordData><recordPosition xsi:type="xsd:positiveInteger">7</recordPosition></record>