<record xsi:type="ns1:recordType"><recordSchema xsi:type="xsd:string">info:srw/schema/1/marcxml-v1.1</recordSchema><recordPacking xsi:type="xsd:string">xml</recordPacking><recordData xsi:type="ns1:stringOrXmlFragment"><mx:record xmlns="http://www.w3.org/TR/xhtml1/strict" xmlns:mx="http://www.loc.gov/MARC21/slim">

<mx:leader>00000nz  a2200000n  45 0</mx:leader>
<mx:controlfield tag="001">oca10021931 </mx:controlfield>
<mx:controlfield tag="003">OCoLC</mx:controlfield>
<mx:controlfield tag="005">20141120050904.0</mx:controlfield>
<mx:controlfield tag="008">141119n| azannaabn          |a aaa      </mx:controlfield>
<mx:datafield ind1=" " ind2=" " tag="010">
<mx:subfield code="a">nb2014026537</mx:subfield>
</mx:datafield>
<mx:datafield ind1=" " ind2=" " tag="040">
<mx:subfield code="a">Uk</mx:subfield>
<mx:subfield code="b">eng</mx:subfield>
<mx:subfield code="e">rda</mx:subfield>
<mx:subfield code="c">Uk</mx:subfield>
</mx:datafield>
<mx:datafield ind1=" " ind2=" " tag="046">
<mx:subfield code="s">20</mx:subfield>
</mx:datafield>
<mx:datafield ind1="1" ind2=" " tag="100">
<mx:subfield code="a">Franklin, J. J.</mx:subfield>
<mx:subfield code="c">(Detective story writer)</mx:subfield>
</mx:datafield>
<mx:datafield ind1=" " ind2=" " tag="370">
<mx:subfield code="c">Great Britain</mx:subfield>
<mx:subfield code="c">England</mx:subfield>
<mx:subfield code="e">Stratford-upon-Avon (England)</mx:subfield>
<mx:subfield code="2">naf</mx:subfield>
</mx:datafield>
<mx:datafield ind1=" " ind2=" " tag="372">
<mx:subfield code="a">Detective and mystery stories</mx:subfield>
<mx:subfield code="a">Fiction</mx:subfield>
<mx:subfield code="2">lcsh</mx:subfield>
</mx:datafield>
<mx:datafield ind1=" " ind2=" " tag="374">
<mx:subfield code="a">Novelists</mx:subfield>
<mx:subfield code="2">lcsh</mx:subfield>
</mx:datafield>
<mx:datafield ind1=" " ind2=" " tag="374">
<mx:subfield code="a">Detective story writer</mx:subfield>
</mx:datafield>
<mx:datafield ind1=" " ind2=" " tag="375">
<mx:subfield code="a">female</mx:subfield>
</mx:datafield>
<mx:datafield ind1=" " ind2=" " tag="377">
<mx:subfield code="a">eng</mx:subfield>
</mx:datafield>
<mx:datafield ind1="1" ind2=" " tag="400">
<mx:subfield code="a">Littlewood, Bren</mx:subfield>
<mx:subfield code="c">(Detective story writer)</mx:subfield>
</mx:datafield>
<mx:datafield ind1="1" ind2=" " tag="400">
<mx:subfield code="a">Littlewood, B. M.</mx:subfield>
<mx:subfield code="q">(Bren M.)</mx:subfield>
<mx:subfield code="c">(Detective story writer)</mx:subfield>
</mx:datafield>
<mx:datafield ind1=" " ind2=" " tag="670">
<mx:subfield code="a">Urge to kill, 2011:</mx:subfield>
<mx:subfield code="b">t.p. (J.J. Franklin)</mx:subfield>
</mx:datafield>
<mx:datafield ind1=" " ind2=" " tag="670">
<mx:subfield code="a">Her website, viewed 19 November 2014</mx:subfield>
<mx:subfield code="b">(J.J. Franklin, aka Bren Littlewood; B.M. Littlewood; she lives in Stratford-upon-Avon)</mx:subfield>
</mx:datafield>

</mx:record></recordData><recordPosition xsi:type="xsd:positiveInteger">8</recordPosition></record>