<record xsi:type="ns1:recordType"><recordSchema xsi:type="xsd:string">info:srw/schema/1/marcxml-v1.1</recordSchema><recordPacking xsi:type="xsd:string">xml</recordPacking><recordData xsi:type="ns1:stringOrXmlFragment"><mx:record xmlns="http://www.w3.org/TR/xhtml1/strict" xmlns:mx="http://www.loc.gov/MARC21/slim">

<mx:leader>00000nz  a2200000n  45 0</mx:leader>
<mx:controlfield tag="001">oca10016483 </mx:controlfield>
<mx:controlfield tag="003">OCoLC</mx:controlfield>
<mx:controlfield tag="005">20141118073602.0</mx:controlfield>
<mx:controlfield tag="008">141117n| azannaabn          |a aaa     c</mx:controlfield>
<mx:datafield ind1=" " ind2=" " tag="010">
<mx:subfield code="a">no2014151975</mx:subfield>
</mx:datafield>
<mx:datafield ind1=" " ind2=" " tag="040">
<mx:subfield code="a">IEN</mx:subfield>
<mx:subfield code="b">eng</mx:subfield>
<mx:subfield code="e">rda</mx:subfield>
<mx:subfield code="c">IEN</mx:subfield>
</mx:datafield>
<mx:datafield ind1=" " ind2=" " tag="046">
<mx:subfield code="f">19060418</mx:subfield>
<mx:subfield code="g">20021201</mx:subfield>
</mx:datafield>
<mx:datafield ind1="1" ind2=" " tag="100">
<mx:subfield code="a">Scott, Elizabeth Franklin,</mx:subfield>
<mx:subfield code="d">1906-2002</mx:subfield>
</mx:datafield>
<mx:datafield ind1=" " ind2=" " tag="370">
<mx:subfield code="a">Dalton (Pa.)</mx:subfield>
<mx:subfield code="c">United States</mx:subfield>
<mx:subfield code="2">naf</mx:subfield>
</mx:datafield>
<mx:datafield ind1=" " ind2=" " tag="373">
<mx:subfield code="a">Eastman School of Music</mx:subfield>
<mx:subfield code="2">naf</mx:subfield>
</mx:datafield>
<mx:datafield ind1="1" ind2=" " tag="400">
<mx:subfield code="a">Franklin, Elizabeth E.,</mx:subfield>
<mx:subfield code="d">1906-2002</mx:subfield>
</mx:datafield>
<mx:datafield ind1=" " ind2=" " tag="670">
<mx:subfield code="a">Northwestern University Archives finding aid, Walter Bernard Scott (1907-1980) Papers, 1907-2002</mx:subfield>
<mx:subfield code="b">(Elizabeth Franklin Scott (1906-2002); Elizabeth E. Franklin was born on April 18, 1906 in Dalton, Pennsylvania; she attended the University of Rochester's Eastman School of Music, receiving a Bachelors of Arts degree and completing some graduate level work; married Walter B. Scott in 1936 while he was on the faculty at Princeton University; spent many years as Executive Director of Unity Preschool; d. December 1, 2002 at the age of 96)</mx:subfield>
</mx:datafield>

</mx:record></recordData><recordPosition xsi:type="xsd:positiveInteger">9</recordPosition></record>