<record xsi:type="ns1:recordType"><recordSchema xsi:type="xsd:string">info:srw/schema/1/marcxml-v1.1</recordSchema><recordPacking xsi:type="xsd:string">xml</recordPacking><recordData xsi:type="ns1:stringOrXmlFragment"><mx:record xmlns="http://www.w3.org/TR/xhtml1/strict" xmlns:mx="http://www.loc.gov/MARC21/slim">

<mx:leader>00000nz  a2200000n  45 0</mx:leader>
<mx:controlfield tag="001">oca10005995 </mx:controlfield>
<mx:controlfield tag="003">OCoLC</mx:controlfield>
<mx:controlfield tag="005">20141103171017.0</mx:controlfield>
<mx:controlfield tag="008">141103n| azannaabn          |a aaa      </mx:controlfield>
<mx:datafield ind1=" " ind2=" " tag="010">
<mx:subfield code="a">n 2014068516</mx:subfield>
</mx:datafield>
<mx:datafield ind1=" " ind2=" " tag="040">
<mx:subfield code="a">DLC</mx:subfield>
<mx:subfield code="b">eng</mx:subfield>
<mx:subfield code="e">rda</mx:subfield>
<mx:subfield code="c">DLC</mx:subfield>
</mx:datafield>
<mx:datafield ind1=" " ind2="0" tag="053">
<mx:subfield code="a">PS3606.R4224</mx:subfield>
</mx:datafield>
<mx:datafield ind1="1" ind2=" " tag="100">
<mx:subfield code="a">Franklin, Lela</mx:subfield>
</mx:datafield>
<mx:datafield ind1="1" ind2=" " tag="400">
<mx:subfield code="a">Hunter-Franklin, Lela</mx:subfield>
</mx:datafield>
<mx:datafield ind1=" " ind2=" " tag="670">
<mx:subfield code="a">Woodland, 2011:</mx:subfield>
<mx:subfield code="b">t.p. (Lela Franklin); about the author (Lela Hunter-Franklin; deceased)</mx:subfield>
</mx:datafield>
<mx:datafield tag="999">
<mx:subfield code="a">3</mx:subfield>
</mx:datafield>

</mx:record></recordData><recordPosition xsi:type="xsd:positiveInteger">11</recordPosition></record>