<record xsi:type="ns1:recordType"><recordSchema xsi:type="xsd:string">info:srw/schema/1/marcxml-v1.1</recordSchema><recordPacking xsi:type="xsd:string">xml</recordPacking><recordData xsi:type="ns1:stringOrXmlFragment"><mx:record xmlns="http://www.w3.org/TR/xhtml1/strict" xmlns:mx="http://www.loc.gov/MARC21/slim">

<mx:leader>00000nz  a2200000n  45 0</mx:leader>
<mx:controlfield tag="001">oca09999657 </mx:controlfield>
<mx:controlfield tag="003">OCoLC</mx:controlfield>
<mx:controlfield tag="005">20141027081134.0</mx:controlfield>
<mx:controlfield tag="008">141027n| azannaabn          |n aaa      </mx:controlfield>
<mx:datafield ind1=" " ind2=" " tag="010">
<mx:subfield code="a">n 2014066532</mx:subfield>
</mx:datafield>
<mx:datafield ind1=" " ind2=" " tag="040">
<mx:subfield code="a">DLC</mx:subfield>
<mx:subfield code="b">eng</mx:subfield>
<mx:subfield code="e">rda</mx:subfield>
<mx:subfield code="c">DLC</mx:subfield>
</mx:datafield>
<mx:datafield ind1="1" ind2=" " tag="100">
<mx:subfield code="a">Franklin, Aaron</mx:subfield>
</mx:datafield>
<mx:datafield ind1=" " ind2=" " tag="375">
<mx:subfield code="a">male</mx:subfield>
</mx:datafield>
<mx:datafield ind1=" " ind2=" " tag="670">
<mx:subfield code="a">Franklin barbecue, 2015:</mx:subfield>
<mx:subfield code="b">t.p. (Aaron Franklin)</mx:subfield>
</mx:datafield>
<mx:datafield ind1=" " ind2=" " tag="670">
<mx:subfield code="a">Star chefs web site, viewed October 27, 2014</mx:subfield>
<mx:subfield code="b">(Aaron Franklin; of Franklin Barbecue, Austin Tex.; native of Bryan, Texas; he and his wife opened Franklin Barbecue, late 2009 in East Austin)</mx:subfield>
</mx:datafield>

</mx:record></recordData><recordPosition xsi:type="xsd:positiveInteger">12</recordPosition></record>