<record xsi:type="ns1:recordType"><recordSchema xsi:type="xsd:string">info:srw/schema/1/marcxml-v1.1</recordSchema><recordPacking xsi:type="xsd:string">xml</recordPacking><recordData xsi:type="ns1:stringOrXmlFragment"><mx:record xmlns="http://www.w3.org/TR/xhtml1/strict" xmlns:mx="http://www.loc.gov/MARC21/slim">

<mx:leader>00000nz  a2200000n  45 0</mx:leader>
<mx:controlfield tag="001">oca09996650 </mx:controlfield>
<mx:controlfield tag="003">OCoLC</mx:controlfield>
<mx:controlfield tag="005">20141024073603.0</mx:controlfield>
<mx:controlfield tag="008">141023n| azannaabn          |n aaa     c</mx:controlfield>
<mx:datafield ind1=" " ind2=" " tag="010">
<mx:subfield code="a">no2014140786</mx:subfield>
</mx:datafield>
<mx:datafield ind1=" " ind2=" " tag="040">
<mx:subfield code="a">OC</mx:subfield>
<mx:subfield code="b">eng</mx:subfield>
<mx:subfield code="e">rda</mx:subfield>
<mx:subfield code="c">OC</mx:subfield>
</mx:datafield>
<mx:datafield ind1="1" ind2=" " tag="100">
<mx:subfield code="a">Franklin, Chelsea</mx:subfield>
</mx:datafield>
<mx:datafield ind1=" " ind2=" " tag="370">
<mx:subfield code="c">United States</mx:subfield>
<mx:subfield code="e">Pennsylvania</mx:subfield>
<mx:subfield code="2">naf</mx:subfield>
</mx:datafield>
<mx:datafield ind1=" " ind2=" " tag="371">
<mx:subfield code="m">chelsea.thenailnetwork@gmail.com</mx:subfield>
</mx:datafield>
<mx:datafield ind1=" " ind2=" " tag="372">
<mx:subfield code="a">Photography</mx:subfield>
<mx:subfield code="a">Blogs</mx:subfield>
<mx:subfield code="2">lcsh</mx:subfield>
</mx:datafield>
<mx:datafield ind1=" " ind2=" " tag="374">
<mx:subfield code="a">Photographers</mx:subfield>
<mx:subfield code="a">Designers</mx:subfield>
<mx:subfield code="2">lcsh</mx:subfield>
</mx:datafield>
<mx:datafield ind1=" " ind2=" " tag="374">
<mx:subfield code="a">Blogger</mx:subfield>
</mx:datafield>
<mx:datafield ind1=" " ind2=" " tag="375">
<mx:subfield code="a">female</mx:subfield>
</mx:datafield>
<mx:datafield ind1=" " ind2=" " tag="377">
<mx:subfield code="a">eng</mx:subfield>
</mx:datafield>
<mx:datafield ind1=" " ind2=" " tag="670">
<mx:subfield code="a">500 nail designs, 2014:</mx:subfield>
<mx:subfield code="b">title page (Chelsea Franklin) about the author page (a professional photographer, designer, and nail blogger; blog at The Nail Network, www.the-nail-network.com since June 2011; lives in northeastern Pennsylvania)</mx:subfield>
</mx:datafield>
<mx:datafield ind1=" " ind2=" " tag="670">
<mx:subfield code="a">The Nail Network website, viewed July 11, 2014:</mx:subfield>
<mx:subfield code="b">(Chelsea Franklin, author, blogger; email: chelsea.thenailnetwork@gmail.com)</mx:subfield>
<mx:subfield code="u">www.the-nail-network.com</mx:subfield>
</mx:datafield>
<mx:datafield tag="999">
<mx:subfield code="a">27</mx:subfield>
</mx:datafield>

</mx:record></recordData><recordPosition xsi:type="xsd:positiveInteger">13</recordPosition></record>