<record xsi:type="ns1:recordType"><recordSchema xsi:type="xsd:string">info:srw/schema/1/marcxml-v1.1</recordSchema><recordPacking xsi:type="xsd:string">xml</recordPacking><recordData xsi:type="ns1:stringOrXmlFragment"><mx:record xmlns="http://www.w3.org/TR/xhtml1/strict" xmlns:mx="http://www.loc.gov/MARC21/slim">

<mx:leader>00000nz  a2200000n  45 0</mx:leader>
<mx:controlfield tag="001">oca09974566 </mx:controlfield>
<mx:controlfield tag="003">OCoLC</mx:controlfield>
<mx:controlfield tag="005">20140930073616.0</mx:controlfield>
<mx:controlfield tag="008">140929n| azannaabn          |n aaa     c</mx:controlfield>
<mx:datafield ind1=" " ind2=" " tag="010">
<mx:subfield code="a">no2014128561</mx:subfield>
</mx:datafield>
<mx:datafield ind1=" " ind2=" " tag="040">
<mx:subfield code="a">OkU</mx:subfield>
<mx:subfield code="b">eng</mx:subfield>
<mx:subfield code="e">rda</mx:subfield>
<mx:subfield code="c">OkU</mx:subfield>
</mx:datafield>
<mx:datafield ind1=" " ind2=" " tag="046">
<mx:subfield code="f">1957</mx:subfield>
</mx:datafield>
<mx:datafield ind1="1" ind2=" " tag="100">
<mx:subfield code="a">Franklin, Colleen M.,</mx:subfield>
<mx:subfield code="d">1957-</mx:subfield>
</mx:datafield>
<mx:datafield ind1=" " ind2=" " tag="375">
<mx:subfield code="a">female</mx:subfield>
</mx:datafield>
<mx:datafield ind1=" " ind2=" " tag="377">
<mx:subfield code="a">eng</mx:subfield>
</mx:datafield>
<mx:datafield ind1=" " ind2=" " tag="670">
<mx:subfield code="a">The strange and dangerous voyage of Captaine Thomas James, 2014:</mx:subfield>
<mx:subfield code="b">title page (Colleen M. Franklin) CanCIP (Franklin, Colleen M., 1957-) jacket (adjunct professor in the Department of Religious Studies and the Department of English at Laurentian University)</mx:subfield>
</mx:datafield>
<mx:datafield tag="999">
<mx:subfield code="a">59</mx:subfield>
</mx:datafield>

</mx:record></recordData><recordPosition xsi:type="xsd:positiveInteger">14</recordPosition></record>