<record xsi:type="ns1:recordType"><recordSchema xsi:type="xsd:string">info:srw/schema/1/marcxml-v1.1</recordSchema><recordPacking xsi:type="xsd:string">xml</recordPacking><recordData xsi:type="ns1:stringOrXmlFragment"><mx:record xmlns="http://www.w3.org/TR/xhtml1/strict" xmlns:mx="http://www.loc.gov/MARC21/slim">

<mx:leader>00000nz  a2200000n  45 0</mx:leader>
<mx:controlfield tag="001">oca09942569 </mx:controlfield>
<mx:controlfield tag="003">OCoLC</mx:controlfield>
<mx:controlfield tag="005">20140823200758.0</mx:controlfield>
<mx:controlfield tag="008">140822n| azannaabn          |n aaa     c</mx:controlfield>
<mx:datafield ind1=" " ind2=" " tag="010">
<mx:subfield code="a">no2014111747</mx:subfield>
</mx:datafield>
<mx:datafield ind1=" " ind2=" " tag="040">
<mx:subfield code="a">TxSmTSU</mx:subfield>
<mx:subfield code="b">eng</mx:subfield>
<mx:subfield code="e">rda</mx:subfield>
<mx:subfield code="c">TxSmTSU</mx:subfield>
</mx:datafield>
<mx:datafield ind1=" " ind2=" " tag="046">
<mx:subfield code="f">19620211</mx:subfield>
</mx:datafield>
<mx:datafield ind1="1" ind2=" " tag="100">
<mx:subfield code="a">Franklin, Diane,</mx:subfield>
<mx:subfield code="d">1962-</mx:subfield>
</mx:datafield>
<mx:datafield ind1=" " ind2=" " tag="370">
<mx:subfield code="a">Plainview (N.Y.)</mx:subfield>
</mx:datafield>
<mx:datafield ind1=" " ind2=" " tag="374">
<mx:subfield code="a">Actresses</mx:subfield>
<mx:subfield code="2">lcsh</mx:subfield>
</mx:datafield>
<mx:datafield ind1=" " ind2=" " tag="374">
<mx:subfield code="a">Motion picture producer</mx:subfield>
</mx:datafield>
<mx:datafield ind1=" " ind2=" " tag="375">
<mx:subfield code="a">female</mx:subfield>
</mx:datafield>
<mx:datafield ind1=" " ind2=" " tag="377">
<mx:subfield code="a">eng</mx:subfield>
</mx:datafield>
<mx:datafield ind1=" " ind2=" " tag="667">
<mx:subfield code="a">Previously on undifferentiated record: no2003110547</mx:subfield>
</mx:datafield>
<mx:datafield ind1=" " ind2=" " tag="670">
<mx:subfield code="a">The last American virgin</mx:subfield>
<mx:subfield code="b">title frame (Diane Franklin)</mx:subfield>
</mx:datafield>
<mx:datafield ind1=" " ind2=" " tag="670">
<mx:subfield code="a">Better off dead, c2002:</mx:subfield>
<mx:subfield code="b">credits (Diane Franklin, cast)</mx:subfield>
</mx:datafield>
<mx:datafield ind1=" " ind2=" " tag="670">
<mx:subfield code="a">Internet movie database, August 22, 2014</mx:subfield>
<mx:subfield code="b">(Diane Franklin; born, February 11, 1962 in Plainview, New York, USA; Actress, Producer)</mx:subfield>
</mx:datafield>
<mx:datafield tag="999">
<mx:subfield code="a">1625</mx:subfield>
</mx:datafield>

</mx:record></recordData><recordPosition xsi:type="xsd:positiveInteger">17</recordPosition></record>