<record xsi:type="ns1:recordType"><recordSchema xsi:type="xsd:string">info:srw/schema/1/marcxml-v1.1</recordSchema><recordPacking xsi:type="xsd:string">xml</recordPacking><recordData xsi:type="ns1:stringOrXmlFragment"><mx:record xmlns="http://www.w3.org/TR/xhtml1/strict" xmlns:mx="http://www.loc.gov/MARC21/slim">

<mx:leader>00000nz  a2200000n  45 0</mx:leader>
<mx:controlfield tag="001">oca09941798 </mx:controlfield>
<mx:controlfield tag="003">OCoLC</mx:controlfield>
<mx:controlfield tag="005">20140822073559.0</mx:controlfield>
<mx:controlfield tag="008">140821n| azannaabn          |n aaa     c</mx:controlfield>
<mx:datafield ind1=" " ind2=" " tag="010">
<mx:subfield code="a">no2014111327</mx:subfield>
</mx:datafield>
<mx:datafield ind1=" " ind2=" " tag="040">
<mx:subfield code="a">HU</mx:subfield>
<mx:subfield code="b">eng</mx:subfield>
<mx:subfield code="e">rda</mx:subfield>
<mx:subfield code="c">HU</mx:subfield>
</mx:datafield>
<mx:datafield ind1="1" ind2=" " tag="100">
<mx:subfield code="a">Franklin, Kelly Scott</mx:subfield>
</mx:datafield>
<mx:datafield ind1=" " ind2=" " tag="372">
<mx:subfield code="a">American literature--History and criticism</mx:subfield>
<mx:subfield code="2">lcsh</mx:subfield>
</mx:datafield>
<mx:datafield ind1=" " ind2=" " tag="377">
<mx:subfield code="a">eng</mx:subfield>
</mx:datafield>
<mx:datafield ind1=" " ind2=" " tag="670">
<mx:subfield code="a">Out of place, 2014:</mx:subfield>
<mx:subfield code="b">t.p. (Kelly Scott Franklin, Ph.D. in English, U. Iowa, 2014)</mx:subfield>
</mx:datafield>
<mx:datafield tag="999">
<mx:subfield code="a">1</mx:subfield>
</mx:datafield>

</mx:record></recordData><recordPosition xsi:type="xsd:positiveInteger">18</recordPosition></record>