<record xsi:type="ns1:recordType"><recordSchema xsi:type="xsd:string">info:srw/schema/1/marcxml-v1.1</recordSchema><recordPacking xsi:type="xsd:string">xml</recordPacking><recordData xsi:type="ns1:stringOrXmlFragment"><mx:record xmlns="http://www.w3.org/TR/xhtml1/strict" xmlns:mx="http://www.loc.gov/MARC21/slim">

<mx:leader>00000nz  a2200000n  45 0</mx:leader>
<mx:controlfield tag="001">oca09936797 </mx:controlfield>
<mx:controlfield tag="003">OCoLC</mx:controlfield>
<mx:controlfield tag="005">20140815124953.0</mx:controlfield>
<mx:controlfield tag="008">140815n| azannaabn          |n aaa      </mx:controlfield>
<mx:datafield ind1=" " ind2=" " tag="010">
<mx:subfield code="a">n 2014049660</mx:subfield>
</mx:datafield>
<mx:datafield ind1=" " ind2=" " tag="040">
<mx:subfield code="a">DLC</mx:subfield>
<mx:subfield code="b">eng</mx:subfield>
<mx:subfield code="e">rda</mx:subfield>
<mx:subfield code="c">DLC</mx:subfield>
</mx:datafield>
<mx:datafield ind1="1" ind2=" " tag="100">
<mx:subfield code="a">Franklin, Harry,</mx:subfield>
<mx:subfield code="d">active 1918</mx:subfield>
</mx:datafield>
<mx:datafield ind1=" " ind2=" " tag="670">
<mx:subfield code="a">I'll do the fighting you back me, 1918:</mx:subfield>
<mx:subfield code="b">t.p. (Harry Franklin)</mx:subfield>
</mx:datafield>
<mx:datafield tag="999">
<mx:subfield code="a">1</mx:subfield>
</mx:datafield>

</mx:record></recordData><recordPosition xsi:type="xsd:positiveInteger">20</recordPosition></record></records><nextRecordPosition xsi:type="xsd:positiveInteger">21</nextRecordPosition><echoedSearchRetrieveRequest xsi:type="ns2:echoedSearchRetrieveRequestType" xmlns:ns2="http://www.loc.gov/zing/srw/"><version xsi:type="xsd:string">1.1</version><query xsi:type="xsd:string">local.FamilyName any &quot;franklin&quot;</query><xQuery><ns3:searchClause xsi:type="ns3:searchClauseType" xmlns:ns3="http://www.loc.gov/zing/cql/xcql/"><ns3:index xsi:type="xsd:string">local.FamilyName</ns3:index><ns3:relation xsi:type="ns3:relationType"><ns3:value xsi:type="xsd:string">any</ns3:value></ns3:relation><ns3:term xsi:type="xsd:string">franklin</ns3:term></ns3:searchClause></xQuery><startRecord xsi:type="xsd:positiveInteger">1</startRecord><maximumRecords xsi:type="xsd:nonNegativeInteger">20</maximumRecords><recordPacking xsi:type="xsd:string">xml</recordPacking><recordSchema xsi:type="xsd:string">info:srw/schema/1/marcxml-v1.1</recordSchema><resultSetTTL xsi:type="xsd:nonNegativeInteger">60</resultSetTTL></echoedSearchRetrieveRequest><extraResponseData xsi:type="ns4:extraDataType" xmlns:ns4="http://www.loc.gov/zing/srw/"><ns5:extraData xmlns="http://oclc.org/srw/extraData" xmlns:ns5="http://oclc.org/srw/extraData"><ns5:databaseTitle>Library of Congress Name Authority File</ns5:databaseTitle></ns5:extraData></extraResponseData></searchRetrieveResponse>